@article{Wikipedia,
  title={Vanderpol Oscillator},
  author={Open Data},
  journal={},
  year={},
  href = {https://en.wikipedia.org/wiki/Van_der_Pol_oscillator}
} 

@article{Wolfram,
  title={Vanderpol Equation},
  author={Open Data},
  journal={},
  year={},
  href = {http://mathworld.wolfram.com/vanderPolEquation.html}
} 

